<record><leader>00000cas a22000007a 4500</leader><controlfield tag="001">37346394</controlfield><controlfield tag="008">970724c19979999njuwr ne      0   a0eng c</controlfield><controlfield tag="009">467</controlfield><datafield ind1=" " ind2=" " tag="010"><subfield code="a">sn 97000776 </subfield></datafield><datafield ind1=" " ind2=" " tag="040"><subfield code="a">NSD</subfield><subfield code="b">eng</subfield><subfield code="c">NSD</subfield><subfield code="d">OCLCQ</subfield></datafield><datafield ind1=" " ind2=" " tag="012"><subfield code="k">1</subfield><subfield code="l">1</subfield><subfield code="m">1</subfield></datafield><datafield ind1="1" ind2=" " tag="022"><subfield code="a">1094-804X</subfield><subfield code="l">1094-804X</subfield><subfield code="2">1</subfield></datafield><datafield ind1=" " ind2=" " tag="032"><subfield code="a">016956</subfield><subfield code="b">USPS</subfield></datafield><datafield ind1=" " ind2=" " tag="037"><subfield code="b">Black Oak Pub., 44 Princeton-Hightstown Road, Princeton Junction, NJ 08550-0220</subfield><subfield code="c">$21.00</subfield></datafield><datafield ind1=" " ind2=" " tag="042"><subfield code="a">pcc</subfield><subfield code="a">nsdp</subfield></datafield><datafield ind1="0" ind2=" " tag="130"><subfield code="a">News eagle (Princeton Junction, N.J.)</subfield></datafield><datafield ind1=" " ind2="0" tag="222"><subfield code="a">News eagle</subfield><subfield code="b">(Princeton Junction, N.J.)</subfield></datafield><datafield ind1="0" ind2="0" tag="245"><subfield code="a">News eagle.</subfield></datafield><datafield ind1=" " ind2=" " tag="260"><subfield code="a">Princeton Junction, NJ :</subfield><subfield code="b">Black Oak Pub.,</subfield><subfield code="c">c1997-</subfield></datafield><datafield ind1=" " ind2=" " tag="300"><subfield code="a">v.</subfield></datafield><datafield ind1=" " ind2=" " tag="310"><subfield code="a">Weekly</subfield></datafield><datafield ind1="0" ind2=" " tag="362"><subfield code="a">Aug. 8, 1997-</subfield></datafield><datafield ind1=" " ind2=" " tag="752"><subfield code="a">United States</subfield><subfield code="b">New Jersey</subfield><subfield code="c">Mercer</subfield><subfield code="d">Princeton Junction.</subfield></datafield></record>